% Encoding: UTF-8

@Online{Zwass2022,
  author = {Zwass, Vladimir},
  date   = {2022-10-08},
  title  = {Speech recognition},
  url    = {https://www.britannica.com/technology/speech-recognition},
}

@Article{Anusuya2009,
  author       = {Anusuya, Ma and Katti, Sk},
  date         = {2009-12-13},
  journaltitle = {International Journal of Computer Science and Information Security},
  title        = {Speech Recognition by Machine: A Review},
  institution  = {Sri Jaya chamarajendra College of Engineering},
}

@Online{Maenobu1984,
  author = {Maenobu, Kiyoshi and Ariki, Yasuo and Sakai, Toshiyuki},
  date   = {1984},
  title  = {Speaker-Independent Word Recognition in Connected Speechon the Basis of Phoneme Recognition},
  url    = {https://www.sciencedirect.com/science/article/abs/pii/0020025584900410#:~:text=Connected word recognition is carried,fatal errors in word recognition.},
}

@Book{Bhatt2020,
  author = {Bhatt, Shobha and Jain, Anurag and Dev, Amita},
  date   = {2020-09-20},
  title  = {Continuous Speech Recognition Technologies—A Review},
}

@Online{Hori2005,
  author = {Hori, Chiori and Waibel, Alex},
  date   = {2005},
  title  = {Spontaneous Speech Consolidation forSpoken Language Applications},
  url    = {https://primo.bibliothek.kit.edu/primo-explore/fulldisplay?vid=KIT&docid=KITSRCE1000166423&tab=kit_evastar&sortby=date},
}

@Online{Vimala2012,
  author = {Vimala, C. and Radha, V.},
  date   = {2012},
  title  = {A Review on Speech Recognition Challenges and Approaches},
  url    = {https://www.academia.edu/3059583/A_Review_on_Speech_Recognition_Challenges_and_Approaches},
}

@Online{Prabhavalkar2024,
  author = {Prabhavalkar, Rohit and Hori, Takaaki and Sainath, Tara N. and Schlüter, Ralf and Watanabe, Shinji},
  date   = {2024},
  title  = {End-to-End Speech Recognition: A Survey},
  url    = {https://ieeexplore.ieee.org/abstract/document/10301513},
}

@Online{Choi2020,
  author = {Choi, Rene Y. and Coyner, Aaron S. and Cramer-Kalpathy, Jayashree and Chiang, Michael F. and Campbell, J. Peter},
  date   = {2020-02-27},
  title  = {Introduction to Machine Learning, Neural Networks, and Deep Learning},
  url    = {https://tvst.arvojournals.org/article.aspx?articleid=2762344#240351368},
}

@Online{Mehrish2023,
  author = {Mehrish, Ambuj and Majumder, Navonil and Bharadwaj, Rishabh and Mihalcea, Rada and Poria, Soujanya},
  date   = {2023-06-03},
  title  = {A review of deep learning techniques for speech processing},
  url    = {https://www.sciencedirect.com/science/article/abs/pii/S1566253523001859},
}

@Online{Mor2020,
  author = {Mor, Bhavya and Garhwal, Sunita and Kumar, Ajay},
  date   = {2020-05-12},
  title  = {A Systematic Review of Hidden Markov Models and Their Applications},
  url    = {https://link.springer.com/article/10.1007/s11831-020-09422-4},
}

@Article{Papastratis2021,
  author       = {Papastratis, Ilias},
  date         = {2021-07-14},
  journaltitle = {The AI Summer},
  title        = {Speech Recognition: a review of the different deep learning approaches},
  url          = {https://theaisummer.com/speech-recognition/},
}

@Online{Yehui2016,
  author = {Yehui, Chen and Enliang, Wang and Liqin, Ji},
  date   = {2016-06-13},
  title  = {Embedded Speech Recognition System Design and Optimization},
  url    = {https://ieeexplore.ieee.org/abstract/document/7488548},
}

@Online{Tan2008,
  author = {Tan, Zheng-Hua and Lindberg, Børge},
  date   = {2008},
  title  = {Automatic Speech Recognition on Mobile Devices and over Communication Networks},
  url    = {https://link.springer.com/book/10.1007/978-1-84800-143-5},
}

@Online{Fitzgerald2023,
  author = {Fitzgerald, Anna},
  date   = {2023-03-01},
  title  = {SDK vs. API: The Difference Explained},
  url    = {https://blog.hubspot.com/website/sdk-vs-api},
}

@Online{Tate2020,
  author = {Tate, Laura},
  date   = {2020},
  title  = {Voice Recognition Technology Challenges In 2020, Possibilities For The Future},
  url    = {https://www.kardome.com/blog-posts/voice-recognition-technology-challenges-2020-possibilities-future},
}

@Online{Karch2021,
  author   = {Karch, Marziah and Perian, Ryan},
  date     = {2021-09-19},
  title    = {What Is Android?},
  url      = {https://www.lifewire.com/what-is-google-android-1616887},
  subtitle = {The ins and outs of the Android operating system},
}

@Online{Leitman2020,
  author = {Leitman, Victor},
  date   = {2020-12-08},
  title  = {Embedded, Cloud, and Hybrid Connectivity Solutions for Custom Voice Assistants},
  url    = {https://www.soundhound.com/blog/embedded-cloud-and-hybrid-connectivity-solutions-for-custom-voice-assistants},
}

@Online{Richards2024,
  author = {Richards, Rivi},
  date   = {2024-03-07},
  title  = {13 Best Free Speech-to-Text Open Source Engines, APIs, and AI Models},
  url    = {https://www.notta.ai/en/blog/speech-to-text-open-source},
}

@Online{HafizMuhammad2022,
  author = {Hafiz Muhammad, Zakria},
  date   = {2022},
  title  = {Embedded Speech Technology},
  url    = {https://thesis.unipd.it/handle/20.500.12608/55116},
}

@Online{Griffiths2023,
  author = {Griffiths, Scott},
  date   = {2023-04-25},
  title  = {How to use OpenAI's Whisper for speech recognition},
  url    = {https://www.graphcore.ai/posts/how-to-use-openais-whisper-for-speech-recognition},
}

@Online{Shah2023,
  author = {Shah, Hasya},
  date   = {2023-11-15},
  title  = {Embedded Speech is now generally available},
  url    = {https://techcommunity.microsoft.com/t5/ai-azure-ai-services-blog/embedded-speech-is-now-generally-available/ba-p/3983047},
}

@Online{Tang2021,
  author = {Tang, Yujian},
  date   = {2021-10-13},
  title  = {DeepSpeech for Dummies - A Tutorial and Overview},
  url    = {https://www.assemblyai.com/blog/deepspeech-for-dummies-a-tutorial-and-overview-part-1/},
}

@Online{Halfacree2022,
  author = {Halfacree, Gareth},
  date   = {2022},
  title  = {Picovoice Launches On-Device Speech-to-Text Engines, Cheetah and Leopard},
  url    = {https://www.hackster.io/news/picovoice-launches-on-device-speech-to-text-engines-cheetah-and-leopard-43b9d7a577b4},
}

@Online{OpenAI2021,
  author = {OpenAI},
  date   = {2021-09-21},
  title  = {Introducing Whisper},
  url    = {https://openai.com/research/whisper},
}

@Comment{jabref-meta: databaseType:biblatex;}
