% Encoding: UTF-8

@Online{Zwass2022,
  author       = {Zwass, Vladimir},
  date         = {2022-10-08},
  title        = {Speech recognition},
  url          = {https://www.britannica.com/technology/speech-recognition},
  journaltitle = {Encyclopedia Britannica},
}

@Online{Singh2022,
  author = {Singh, Gaurav},
  date   = {2022-06-14},
  title  = {4 BIG Challenges Prevalent in Speech Recognition Today},
  url    = {https://verloop.io/blog/speech-recognition-challenges/},
}

@Online{RingCentral2021,
  author = {RingCentral},
  date   = {2021-02-18},
  title  = {Voice Recognition},
  url    = {https://www.ringcentral.com/gb/en/blog/definitions/voice-recognition/},
}

@Online{Fox2023,
  author = {Fox, Josh and Francisco, Nicholas Jose},
  date   = {2023-03-13},
  title  = {The Best Speech-to-Text APIs in 2023},
  url    = {https://deepgram.com/learn/best-speech-to-text-apis},
}

@Online{Depypere2023,
  author = {Depypere, Peter and Sturm, Floriant},
  date   = {2023-05-11},
  title  = {Azure Cognitive Services: Speech},
  url    = {https://www.element61.be/en/resource/azure-cognitive-services-speech},
}

@Article{Wang2021,
  author       = {Wang, Hui Hui and Chan, Jie Tying},
  date         = {2021-11-30},
  journaltitle = {Journal of IT in Asia},
  title        = {Speech Recorder and Translator using Google Cloud Speech-to-Text and Translation},
}

@Online{Kumbhar2023,
  author = {Kumbhar, Mursal Furqan},
  date   = {2023-05-26},
  title  = {Amazon Transcribe},
  url    = {https://dev.to/mursalfk/amazon-transcribe-50a8},
}

@Online{Tang2022,
  author = {Tang, Yujian},
  date   = {2022-12-12},
  title  = {A Guide to DeepSpeech Speech to Text},
  url    = {https://deepgram.com/learn/guide-deepspeech-speech-to-text},
}

@Online{OpenAI2023,
  author = {OpenAI},
  date   = {2023-11-17},
  title  = {Whisper},
  url    = {https://github.com/openai/whisper},
}

@Online{OConnor2023,
  author = {O'Connor, Ryan},
  date   = {2023-06-15},
  title  = {How to evaluate Speech Recognition models},
  url    = {https://www.assemblyai.com/blog/how-to-evaluate-speech-recognition-models/},
}

@Comment{jabref-meta: databaseType:biblatex;}
